<?xml version="1.0" encoding="UTF-8"?><collection xmlns="http://www.loc.gov/MARC21/slim"><record><leader>00370nam--2200145-i-4500</leader><controlfield tag="001">000044488</controlfield><controlfield tag="002">20161230</controlfield><controlfield tag="005">20170103232622</controlfield><controlfield tag="008">060222s1000------------r-----000-0-eng-d</controlfield><datafield ind1=" " ind2=" " tag="100"><subfield code="a">Tertsch, Herman</subfield></datafield><datafield ind1=" " ind2=" " tag="245"><subfield code="a">Die Festigkeitserscheinungen der Kristalle</subfield></datafield><datafield ind1=" " ind2=" " tag="260"><subfield code="a">Wien</subfield><subfield code="b">Springer Verlag</subfield><subfield code="c">1949</subfield></datafield><datafield ind1=" " ind2=" " tag="300"><subfield code="a">VII + 310 p</subfield></datafield><datafield ind1=" " ind2=" " tag="852"><subfield code="a">866</subfield></datafield><datafield ind1=" " ind2=" " tag="CAT"><subfield code="a">SYS</subfield><subfield code="c">20170103</subfield><subfield code="h">232622</subfield></datafield></record></collection>